<?xml version="1.0" encoding="UTF-8"?><collection xmlns="http://www.loc.gov/MARC21/slim"><record><leader>00370nam--2200121-i-4500</leader><controlfield tag="001">000017810</controlfield><controlfield tag="002">20161230</controlfield><controlfield tag="005">20161230201032</controlfield><controlfield tag="008">060222s1000------------r-----000-0-eng-d</controlfield><datafield ind1=" " ind2=" " tag="080"><subfield code="a">65.011.56:681.5:681.324</subfield></datafield><datafield ind1=" " ind2=" " tag="245"><subfield code="a">Activitatea in informatica si conducere i, ii. probleme actuale</subfield></datafield><datafield ind1=" " ind2=" " tag="260"><subfield code="a">Cluj - Napoca, Consiliul Judetean Al Sindica- Telor, 1979 78 P</subfield></datafield><datafield ind1=" " ind2=" " tag="852"><subfield code="a">46981</subfield></datafield></record></collection>